@online{Alaluzdeunabombilla,
    author = "Pepe Pedraz",
    title = "El modelo iceberg: desarrollo de proyectos basados en juego â€“ Game Design",
    url  = "https://www.alaluzdeunabombilla.com/2017/06/27/el-modelo-iceberg-desarrollo-de-proyectos-basados-en-juego/",
    addendum = "(accessed: 27.06.2017)",
    keywords = "desarrollo de juegos, modelo iceberg"
}